@Book{AHU,
  author = 	 {A.V. Aho and J. E. Hopcroft and J. D. Ullmann},
  title = 	 {The Design and Analysis of Computer Algorithms},
  publisher = 	 {Addison-Wesley},
  address = {Reading, MA},
  year = 	 {1976},
}

@Book{BeWa,
  author = 	 {H. Becker and H. Walter},
  title = 	 {Formale Sprachen},
  publisher = 	 {Vieweg},
  year = 	 {1977},
}

@Book{Be,
  author = 	 {J. Berstel},
  title = 	 {Transductions and Context-Free Languages},
  publisher = 	 {Teubner},
  year = 	 {1979},
}

@TechReport{Be77,
  author = 	 {J. Berstel},
  title = 	 {Series Formelles en variable non commutatives et applications},
  institution =  {LITP and ENSTA},
  year = 	 {1977},
}

@Book{Book,
  author = 	 {R. Book},
  title = 	 {Formal Languages Theory, Perspectives and Open Problems},
  publisher = 	 {Academic Press, New York},
  year = 	 {1980},
}

@InCollection{ChSch,
  author = 	 {N. Chomsky and M.P. Schützenberger},
  title = 	 {The algebraic theory of context-free languages},
  booktitle = 	 {Computer Programming and Formal Systems},
  pages = 	 {118-161},
  publisher = {North Holland},
  year = 	 {1963},
  editor = 	 {P. Brafford and D. Hirschberg},
}

@Book{CrFo,
  author = 	 {R.H. Crowell and R.H. Fox},
  title = 	 {Introduction to Knot Theory},
  publisher = 	 {Springer},
  year = 	 {1977},
  address = 	 {New York},
}

@MastersThesis{Co,
  author = 	 {B. Commentz},
  title = 	 {{Platzkomplexität des Äquivalenzproblems endlicher Automaten}},
  school = 	 {Universität des Saarlandes},
  year = 	 {1975},
  address = 	 {Saarbrücken},
}

@Article{EiMa,
  author = 	 {S. Eilenberg and S. MacLane},
  title = 	 {{General Theory of Natural Equivalences}},
  journal = 	 {Trans. Am. Math. Soc.},
  year = 	 {1945},
  OPTpages = 	 {231-294},
}

@Book{FischerSacher,
  author = 	 {G. Fischer and R. Sacher},
  title = 	 {Einführung in die Algebra},
  publisher = 	 {Teubner},
  year = 	 {1974},
}

@Book{Ginsburg,
  author = 	 {S. Ginsburg},
  title = 	 {The Mathematical Theory of Context-Free Languages},
  publisher = 	 {McGraw-Hill},
  year = 	 {1966},
}

@InProceedings{Go1,
  author = 	 {J. Goldstine},
  title = 	 {{Automata with Data Storage}},
  booktitle = {A conference on theoretical computer science},
  pages = 	 {239-246},
  year = 	 {1977},
  address = 	 {Waterloo Ontario},
}

@InProceedings{Go2,
  author = 	 {J. Goldstine},
  title = 	 {{A Rational Theory of AFLs}},
  booktitle = {Automata, Languages and Programming},
  pages = 	 {271-280},
  year = 	 {1979},
  editor = 	 {H. Maurer},
  address = 	 {Graz},
  publisher = {Springer},
}

@InBook{Go3,
  author = 	 {J. Goldstine},
  editor = 	 {R. Book},
  title = 	 {{Formal Languages and Their Relation to Automata: 
  	What Hopcroft and Ullmann didn't tell us}},
  publisher = 	 {Academic Press},
  year = 	 {1980},
  pages = 	 {109-140},
}

@Article{Gr,
  author = 	 {S.A. Greibach},
  title = 	 {Erasable context-free languages},
  journal = 	 {Information and Control},
  year = 	 {1975},
  number = 	 {29},
  pages = 	 {301-326},
}

@Article{Gr2,
  author = 	 {S.A. Greibach},
  title = 	 {The hardest context-free language},
  journal = 	 {SIAM Journal of Computing},
  year = 	 {1973},
  number = 	 {2},
  pages = 	 {304-310},
}

@Book{Harrison,
  author = 	 {M.A. Harrison},
  title = 	 {Introduction To Formal Languages Theory},
  publisher = 	 {Addison-Wesley},
  year = 	 {1978},
  address = 	 {Reading, MA},
}

@Book{HopUll,
  author = 	 {J.E. Hopcroft and J.D. Ullmann},
  title = 	 {Introduction to Automata Theory, Languages and Computation},
  publisher = 	 {Addison-Wesley},
  year = 	 {1979},
  address = 	 {Reading, MA},
}

@Book{HotzClaus,
  author = 	 {G. Hotz and V. Claus},
  title = 	 {Automatentheorie und Formale Sprachen III, Formale Sprachen},
  publisher = 	 {BI},
  year = 	 {1972},
  address = 	 {Mannheim},
}

@Article{Hotz74,
  author = 	 {G. Hotz},
  title = 	 {{Sequentielle Analyse kontextfreier Sprachen}},
  journal = 	 {Acta Informatica},
  year = 	 {1974},
  number = 	 {4},
  pages = 	 {55-75},
}

@TechReport{HoMe,
  author = 	 {G. Hotz and J. Messerschmidt},
  title = 	 {{Dycksprachen sind in Bandkomplexität log n analysierbar}},
  institution =  {Universität des Saarlandes},
  year = 	 {1975},
  address = 	 {Saarbrücken},
}

@Article{Hotz77,
  author = 	 {G. Hotz},
  title = 	 {{Space-Komplexität von klammerfreien Ausdrücken mit Typen}},
  journal = 	 {EIK},
  year = 	 {1977},
  number = 	 {13},
  pages = 	 {655-657},
}

@Article{Hotz78,
  author = 	 {G. Hotz},
  title = 	 {{Normal-Form Transformations of Context-Free Grammars}},
  journal = 	 {Acta Cybernetica},
  year = 	 {1978},
  volume = 	 {4},
  number = 	 {1},
  pages = 	 {65-84},
}

@Article{HotzRoss,
  author = 	 {G. Hotz and R. Ross},
  title = 	 {{LL(k) und LR(k)-Invarianz von kontextfreien Grammatiken
   unter einer Transformation auf Greibach-Normalform}},
  journal = 	 {EIK},
  year = 	 {1979},
  number = 	 {15},
  pages = 	 {73-86},
}

@TechReport{Hotz81,
  author = 	 {G. Hotz},
  title = 	 {{Ein Darstellungssatz für Algebren und Anwendungen in der 
  Theorie der Formalen Sprachen}},
  institution =  {Universität des Saarlandes},
  year = 	 {1981},
}

@Article{Nivat,
  author = 	 {M. Nivat},
  title = 	 {{Transductions des languages de Chomsky}},
  journal = 	 {Annales de l'institut Fourier},
  year = 	 {1968},
  number = 	 {18},
  pages = 	 {339-456},
}

@Article{Perrot,
  author = 	 {J.F. Perrot},
  title = 	 {Monoides syntactiques des languages algébriques},
  journal = 	 {Acta Informatica},
  year = 	 {1977},
  number = 	 {7},
  pages = 	 {393-413},
}

@Article{RabinScott,
  author = 	 {M.O. Rabin and D. Scott},
  title = 	 {Finite automata and their decision problems},
  journal = 	 {IBM Journal of Research and Development},
  year = 	 {1959},
  number = 	 {3},
  pages = 	 {114-125},
}

@Article{Rosenkrantz,
  author = 	 {D.J. Rosenkrantz},
  title = 	 {Matrix equations and normal forms for context-free grammars},
  journal = 	 {Journal of the ACM},
  year = 	 {1967},
  number = 	 {14},
  pages = 	 {501-507},
}

@PhdThesis{Sa,
  author = 	 {J. Sakarovitch},
  title = 	 {Monoides syntactiques et languages algébriques},
  school = 	 {Thèse 3ème cycle math},
  year = 	 {1976},
  address = 	 {Paris},
}

@Book{Salomaa,
  author = 	 {A. Salomaa},
  title = 	 {Formal Languages},
  publisher = 	 {Academic Press},
  year = 	 {1973},
  address = 	 {New York},
}

@Book{SaSo,
  author = 	 {A. Salomaa and M. Soittola},
  title = 	 {Automata Theoretic Aspects of Formal Power Series},
  publisher = 	 {Springer},
  year = 	 {1978},
  address = 	 {New York},
}

@Article{Shamir,
  author = 	 {E. Shamir},
  title = 	 {A representation theorem for algebraic and context-free power series in noncommutating
   variables},
  journal = 	 {Information and Control},
  year = 	 {1967},
  number = 	 {11},
  pages = 	 {239-254},
}

@Book{Wagner,
  author = 	 {K. Wagner},
  title = 	 {Graphentheorie},
  publisher = 	 {BI},
  year = 	 {1970},
  address = 	 {Mannheim},
}

@Book{Wirth,
  author = 	 {N. Wirth},
  title = 	 {Systematisches Programmieren},
  publisher = 	 {Teubner},
  year = 	 {1972},
  address = 	 {Stuttgart},
}





























